
@book{bishop2023learning,
  added-at = {2023-12-18T14:11:13.000+0100},
  author = {Bishop, Christopher Michael and Bishop, Hugh},
  biburl = {https://www.bibsonomy.org/bibtex/270baa8090e176cea7e3b9c3210fd18f0/ng9q1nfk},
  doi = {https://doi.org/10.1007/978-3-031-45468-4},
  edition = 1,
  editor = {Cham, Springer},
  interhash = {7c6c84136d9d592af1f904257d185fec},
  intrahash = {70baa8090e176cea7e3b9c3210fd18f0},
  isbn = {978-3-031-45468-4},
  keywords = {book deep_learning_survey},
  language = {english},
  timestamp = {2023-12-18T14:11:13.000+0100},
  title = {Deep Learning - Foundations and Concepts},
  year = 2023
}

@mastersthesis{linnainmaa1970,
  author       = {Seppo Linnainmaa},
  title        = {Taylor Expansion of the Accumulated Rounding Error},
  school       = {University of Helsinki},
  year         = {1970},
  type         = {Master's Thesis},
  note         = {Introduces reverse mode automatic differentiation, foundational for backpropagation.}
}

@phdthesis{werbos1974,
  author       = {Paul J. Werbos},
  title        = {Beyond Regression: New Tools for Prediction and Analysis in the Behavioral Sciences},
  school       = {Harvard University},
  year         = {1974},
  type         = {PhD Dissertation},
  note         = {First application of backpropagation to neural networks.}
}

@article{rumelhart1986,
  author    = {David E. Rumelhart and Geoffrey E. Hinton and Ronald J. Williams},
  title     = {Learning Representations by Back‑propagating Errors},
  journal   = {Nature},
  volume    = {323},
  pages     = {533--536},
  year      = {1986},
  month     = {Oct},
  note      = {Seminal paper that popularized backpropagation in neural networks.}
}

@article{kelley1960,
  author    = {Henry J. Kelley},
  title     = {Gradient Theory of Optimal Flight Paths},
  journal   = {Journal of the Institute of the Aeronautical Sciences},
  volume    = {30},
  number    = {10},
  pages     = {947--954},
  year      = {1960},
  note      = {Early gradient method in control, precursor to backprop.}
}

@book{rosenblatt1962principles,
  title={Principles of Neurodynamics: Perceptrons and the Theory of Brain Mechanisms},
  author={Rosenblatt, F.},
  lccn={62012882},
  series={Cornell Aeronautical Laboratory. Report no. VG-1196-G-8},
  url={https://books.google.it/books?id=7FhRAAAAMAAJ},
  year={1962},
  publisher={Spartan Books}
}


@article{mcculloch43a,
  added-at = {2008-02-26T11:58:58.000+0100},
  author = {Mcculloch, Warren and Pitts, Walter},
  biburl = {https://www.bibsonomy.org/bibtex/26fbacb0ae04bc17d296d9265dfc90dff/schaul},
  citeulike-article-id = {2380493},
  description = {idsia},
  interhash = {3e8e0d06f376f3eb95af89d5a2f15957},
  intrahash = {6fbacb0ae04bc17d296d9265dfc90dff},
  journal = {Bulletin of Mathematical Biophysics},
  keywords = {evolutionary},
  pages = {127--147},
  priority = {2},
  timestamp = {2008-02-26T12:00:58.000+0100},
  title = {A Logical Calculus of Ideas Immanent in Nervous Activity},
  volume = 5,
  year = 1943
}

@book{minsky69perceptrons,
  added-at = {2008-05-16T13:57:01.000+0200},
  address = {Cambridge, MA, USA},
  author = {Minsky, Marvin and Papert, Seymour},
  biburl = {https://www.bibsonomy.org/bibtex/206a5a6751b3e61408455fca2ed8d87fc/sb3000},
  description = {: mf : blob : » bibtex},
  interhash = {d80d4948a422623047f1b800272c0389},
  intrahash = {06a5a6751b3e61408455fca2ed8d87fc},
  keywords = {linear-classification neural-networks seminal},
  publisher = {MIT Press},
  timestamp = {2008-05-16T13:57:02.000+0200},
  title = {Perceptrons: An Introduction to Computational Geometry},
  year = 1969
}



